<record><leader>00000cas a22000007a 4500</leader><controlfield tag="001">13880757</controlfield><controlfield tag="008">860716c19459999txuwr ne      0    0eng d</controlfield><datafield ind1=" " ind2=" " tag="010"><subfield code="a">sn 86088052 </subfield></datafield><datafield ind1=" " ind2=" " tag="040"><subfield code="a">PPM</subfield><subfield code="b">eng</subfield><subfield code="c">PPM</subfield><subfield code="d">OCLCQ</subfield></datafield><datafield ind1=" " ind2=" " tag="042"><subfield code="a">msc</subfield></datafield><datafield ind1="0" ind2=" " tag="130"><subfield code="a">Western observer (Anson, Tex.: 1945)</subfield></datafield><datafield ind1="1" ind2="4" tag="245"><subfield code="a">The western observer.</subfield></datafield><datafield ind1=" " ind2=" " tag="260"><subfield code="a">Anson, Tex. :</subfield><subfield code="b">Leonard Archer and Jack Jordon,</subfield><subfield code="c">1945-</subfield></datafield><datafield ind1=" " ind2=" " tag="300"><subfield code="a">v. :</subfield><subfield code="b">ill.</subfield></datafield><datafield ind1=" " ind2=" " tag="310"><subfield code="a">Weekly</subfield></datafield><datafield ind1="0" ind2=" " tag="362"><subfield code="a">Vol. 62, no. 1 (Mar. 29, 1945)-</subfield></datafield><datafield ind1=" " ind2=" " tag="752"><subfield code="a">United States</subfield><subfield code="b">Texas</subfield><subfield code="c">Jones</subfield><subfield code="d">Anson.</subfield></datafield><datafield ind1="0" ind2="4" tag="780"><subfield code="t">Jones County observer</subfield><subfield code="w">(DLC)sn 86088031</subfield></datafield><datafield ind1="0" ind2="4" tag="780"><subfield code="t">Western-enterprise (Anson, Tex.)</subfield><subfield code="w">(DLC)sn 86088032</subfield></datafield></record>